@misc{wikipediaRobotics,
  title={Robotics},
  howpublished = "\url{https://en.wikipedia.com/wiki/Robotics}",
  note="Accédé le 09-03-2017",
}
@misc{commonsComponents,
  title={Composants électroniques divers},
  author={Alexey Khrulev},
  howpublished = "\url{https://commons.wikimedia.org/wiki/File:Componentes.JPG}",
  note="Accédé le 09-03-2017",
}
@misc{wikipediaElectronicComponent,
  title={Electronic component},
  howpublished = "\url{https://en.wikipedia.org/wiki/Electronic_component}",
  note="Accédé le 09-03-2017",
  year={2008},
  month={Octobre}
}
@misc{commonsConvolution,
  title={{3D} Image Kernel Convolution Animation},
  author={Michael Plotke},
  howpublished = "\url{https://commons.wikimedia.org/wiki/File:3D_Convolution_Animation.gif}",
  note="Accédé le 09-03-2017",
  year={2013},
  month={Janvier}
}
@misc{commonsANN,
  title={Artificial neural network with layer coloring},
  author={Glosser.ca},
  howpublished = "\url{https://en.wikipedia.org/wiki/File:Colored_neural_network.svg}",
  note="Accédé le 09-03-2017",
  year={2013},
  month={Fevrier}
}
@article{karpathy2016cs231n,
  title={Cs231n: Convolutional neural networks for visual recognition},
  author={Karpathy, Andrej},
  journal={Online Course},
  year={2016}
}

@article{lecun1998gradient,
  title={Gradient-based learning applied to document recognition},
  author={LeCun, Yann and Bottou, L{\'e}on and Bengio, Yoshua and Haffner, Patrick},
  journal={Proceedings of the IEEE},
  volume={86},
  number={11},
  pages={2278--2324},
  year={1998},
  publisher={IEEE}
}
@inproceedings{saxena2007depth,
  title={Depth Estimation Using Monocular and Stereo Cues.},
  author={Saxena, Ashutosh and Schulte, Jamie and Ng, Andrew Y},
  booktitle={IJCAI},
  volume={7},
  year={2007}
}
@inproceedings{eigen2015predicting,
  title={Predicting depth, surface normals and semantic labels with a common multi-scale convolutional architecture},
  author={Eigen, David and Fergus, Rob},
  booktitle={Proceedings of the IEEE International Conference on Computer Vision},
  pages={2650--2658},
  year={2015}
}
@inproceedings{michels2005high,
  title={High speed obstacle avoidance using monocular vision and reinforcement learning},
  author={Michels, Jeff and Saxena, Ashutosh and Ng, Andrew Y},
  booktitle={Proceedings of the 22nd international conference on Machine learning},
  pages={593--600},
  year={2005},
  organization={ACM}
}
@inproceedings{liu2015deep,
  title={Deep convolutional neural fields for depth estimation from a single image},
  author={Liu, Fayao and Shen, Chunhua and Lin, Guosheng},
  booktitle={Proceedings of the IEEE Conference on Computer Vision and Pattern Recognition},
  pages={5162--5170},
  year={2015}
}
