@misc{wikipediaRobotics,
  note={\url{https://en.wikipedia.com/wiki/Robotics}. \emph{Robotics}}
}
@misc{commonsComponents,
  note={\url{https://commons.wikimedia.org/wiki/File:Componentes.JPG}.
  \emph{Composants Ã©lectroniques divers}. Alexey Khrulev},
}
@misc{wikipediaElectronicComponent,
  note={\url{https://en.wikipedia.org/wiki/Electronic_component}.
  \emph{Electronic component}}
}
@misc{commonsConvolution,
  note={\url{https://commons.wikimedia.org/wiki/File:3D_Convolution_Animation.gif}.
  \emph{3D Image Kernel Convolution Animation}. Michael Plotke}
}
@misc{commonsANN,
  note={\url{https://en.wikipedia.org/wiki/File:Colored_neural_network.svg}.
  \emph{Artificial neural network with layer coloring}}
}
@misc{python3,
  note={\url{https://www.python.org}.
  \emph{Python programming language}. Python Software Foundation}
}
@misc{gcp,
  note={\url{https://cloud.google.com/}. \emph{Google Cloud Platform}}
}
@misc{lecun2010mnist,
  note={\url{http://yann.lecun.com/exdb/mnist}.
  \emph{MNIST handwritten digit database}.
  LeCun, Yann and Cortes, Corinna and Burges, Christopher JC}
}
@misc{blier2016abrief,
  title={\url{https://blog.heuritech.com/2016/02/29/}\\
  \url{a-brief-report-of-the-heuritech-deep-learning-meetup-5/}.
  \emph{A brief report of the Heuritech Deep Learning Meetup. Leonard Blier}}
}
@misc{wikipediaCrossEntropy,
  note={\url{https://en.wikipedia.org/wiki/Cross_entropy}. \emph{Cross entropy}}
}
@misc{wikipediaEvaluation,
  note={\url{https://en.wikipedia.org/wiki/Evaluation_of_binary_classifiers}.
  \emph{Evaluation of binary classifiers}}
}
